@misc{masinsko,
  title={{Mašinsko učenje}},
  author={Mladen Nikolić i Anđelka Zečević},
  url={http://ml.matf.bg.ac.rs/readings/ml.pdf},
  year={2019},
  address = {Beograd},
}

@misc{sklearn,
title = {{scikit-learn}},
note = {on-line at: \url{https://scikit-learn.org/stable/}},
}
